@article{ayus2023,
  title   = {Prediction of Water Level Using Machine Learning and Deep Learning Techniques},
  author  = {Ishan Ayus and Narayanan Natarajan and Deepak Gupta},
  journal = {Iranian Journal of Science and Technology, Transactions of Civil Engineering},
  year    = {2023},
  volume  = {47},
  pages   = {2437-2447},
  url     = {https://api.semanticscholar.org/CorpusID:256917065}
}
@article{bentivoglio2022,
  author  = {Bentivoglio, R. and Isufi, E. and Jonkman, S. N. and Taormina, R.},
  title   = {Deep learning methods for flood mapping: a review of existing applications and future research directions},
  journal = {Hydrology and Earth System Sciences},
  volume  = {26},
  year    = {2022},
  number  = {16},
  pages   = {4345--4378},
  url     = {https://hess.copernicus.org/articles/26/4345/2022/},
  doi     = {10.5194/hess-26-4345-2022}
}
@article{higham2019,
  title     = {Deep learning: An introduction for applied mathematicians},
  author    = {Higham, Catherine F and Higham, Desmond J},
  journal   = {Siam review},
  volume    = {61},
  number    = {4},
  pages     = {860--891},
  year      = {2019},
  publisher = {SIAM}
}
